<?xml version="1.0" encoding="UTF-8"?><record xmlns="http://www.loc.gov/MARC21/slim" xmlns:cinclude="http://apache.org/cocoon/include/1.0" xmlns:zs="http://www.loc.gov/zing/srw/">
  <leader>00482cz  a2200133n  4500</leader>
  <controlfield tag="001">n  80118020 </controlfield>
  <controlfield tag="003">DLC</controlfield>
  <controlfield tag="005">20090207081035.0</controlfield>
  <controlfield tag="008">800915n| acannaabn          |n aaa      </controlfield>
  <datafield tag="010" ind1=" " ind2=" ">
    <subfield code="a">n  80118020 </subfield>
  </datafield>
  <datafield tag="035" ind1=" " ind2=" ">
    <subfield code="a">(OCoLC)oca00498648</subfield>
  </datafield>
  <datafield tag="040" ind1=" " ind2=" ">
    <subfield code="a">DLC</subfield>
    <subfield code="b">eng</subfield>
    <subfield code="c">DLC</subfield>
    <subfield code="d">OCoLC</subfield>
  </datafield>
  <datafield tag="100" ind1="1" ind2=" ">
    <subfield code="a">Sundbo, Arne,</subfield>
    <subfield code="d">1886-1970</subfield>
  </datafield>
  <datafield tag="670" ind1=" " ind2=" ">
    <subfield code="a">Denmark. Rigsarkivet. RedaktĂ¸r Jens Peter Sundbo 1860-1928 og overretssagfĂ¸rer,</subfield>
    <subfield code="b">borgmester Arne Sundbo 1886-1970, 1979 (subj.) t.p. (Arne Sundbo, 1886-1970; lawyer, mayor)</subfield>
  </datafield>
</record>